@misc{kafka-basics,
author = {Hortonworks Data Platform},
title = {Basic Kafka Concepts},
howpublished = {\url{https://docs.cloudera.com/HDPDocuments/HDP2/HDP-2.2.4/bk_storm-user-guide/content/basic-kafka-concepts.html}},
month = {},
year = {},
}

@misc{kafka-in-depth,
author = {Ben Stopford},
title = {Apache Kafka as an Event-Driven Backbone for Service Architectures},
howpublished = {\url{https://www.confluent.io/blog/apache-kafka-for-service-architectures/}},
month = jul,
year = {2017},
}