@misc{tdd-loop,
author = {Marsner},
title = {Why Test-Driven Development (TDD)},
howpublished = {\url{https://marsner.com/blog/why-test-driven-development-tdd/}},
month = dec,
year = {2019},
}
