@book{bass2013software,
  title={Software architecture in practice},
  author={Bass, Len and Clements, Paul and Kazman, Rick},
  year={2013},
  publisher={Addison-Wesley Professional},
  edition="3."
}

@book{richards2020fundamentals,
  title={Fundamentals of Software Architecture: An Engineering Approach},
  author={Richards, Mark and Ford, Neal},
  year={2020},
  publisher={O'Reilly Media, Inc.}
}

@book{newman2015building,
  title={Building Microservices},
  author={Newman, Sam},
  year={2015},
  publisher={O'Reilly Media, Inc.}
}
