@article{architecture-notes,
	title        = {Software Architecture},
	author       = {Webb, Brae and Thomas, Richard},
	year         = 2022,
	month        = {February},
	publisher    = {The University of Queensland},
	note         = {\url{https://csse6400.uqcloud.net/handouts/architecture.pdf}}
}
@article{layered-notes,
	title        = {Layered Architecture},
	author       = {Thomas, Richard and Webb, Brae},
	year         = 2022,
	month        = {February},
	publisher    = {The University of Queensland},
	note         = {\url{https://csse6400.uqcloud.net/handouts/layered.pdf}}
}
@article{security-notes,
	title        = {Security Principles},
	author       = {Webb, Brae},
	year         = 2022,
	month        = {March},
	publisher    = {The University of Queensland},
	note         = {\url{https://csse6400.uqcloud.net/handouts/security.pdf}}
}
@article{view-notes,
	title        = {Architectural Views},
	author       = {Thomas, Richard and Webb, Brae},
	year         = 2022,
	month        = {March},
	publisher    = {The University of Queensland},
	note         = {\url{https://csse6400.uqcloud.net/handouts/views.pdf}}
}
@article{adr-notes,
	title        = {Architectural Decision Records},
	author       = {Thomas, Richard},
	year         = 2022,
	month        = {March},
	publisher    = {The University of Queensland},
	note         = {\url{https://csse6400.uqcloud.net/handouts/adr.pdf}}
}
@article{pipeline-notes,
	title        = {Pipeline Architecture},
	author       = {Webb, Brae and Thomas, Richard},
	year         = 2022,
	month        = {March},
	publisher    = {The University of Queensland},
	note         = {\url{https://csse6400.uqcloud.net/handouts/pipeline.pdf}}
}
@article{container-notes,
	title        = {Containers},
	author       = {Webb, Brae},
	year         = 2022,
	month        = {March},
	publisher    = {The University of Queensland},
	note         = {\url{https://csse6400.uqcloud.net/handouts/containers.pdf}}
}
@article{microkernel-notes,
	title        = {Microkernel Architecture},
	author       = {Thomas, Richard},
	year         = 2022,
	month        = {March},
	publisher    = {The University of Queensland},
	note         = {\url{https://csse6400.uqcloud.net/handouts/microkernel.pdf}}
}
@article{service-based-notes,
	title        = {Service-Based Architecture},
	author       = {Thomas, Richard},
	year         = 2022,
	month        = {March},
	publisher    = {The University of Queensland},
	note         = {\url{https://csse6400.uqcloud.net/handouts/service-based.pdf}}
}
@article{iac-notes,
	title        = {Infrastructure as Code},
	author       = {Webb, Brae},
	year         = 2022,
	month        = {March},
	publisher    = {The University of Queensland},
	note         = {\url{https://csse6400.uqcloud.net/handouts/iac.pdf}}
}
