@misc{uml,
    author = {Fakhroutdinov, Kirill},
    title = {UML-Diagrams},
    year = {2020},
    howpublished = {\url{https://www.uml-diagrams.org/}},
}
