@misc{hextris,
    author = {Engstrom, Logan and Finucane, Garrett and Moroze, Noah and Yang, Michael},
    title = {hextris},
    year = {2015},
    howpublished = {\url{https://github.com/hextris/hextris/}},
}
