@misc{aws-regions,
author = {Danilo Poccia},
title = {Now Open --- Third Availability Zone in the AWS Canada (Central) Region},
howpublished = {\url{https://aws.amazon.com/blogs/aws/now-open-third-availability-zone-in-the-aws-canada-central-region/}},
month = {March},
year = {2020},
}