@misc{aws-regions,
author = {Danilo Poccia},
title = {Now Open --- Third Availability Zone in the AWS Canada (Central) Region},
howpublished = {\url{https://aws.amazon.com/blogs/aws/now-open-third-availability-zone-in-the-aws-canada-central-region/}},
month = {March},
year = {2020},
}

@misc{Dockerfile,
	title        = {Dockerfile reference},
	author       = {Docker},
	year         = {},
	month        = {},
	howpublished = {\url{https://docs.docker.com/engine/reference/builder}},
	annotate     = {Reference for the Dockerfile format.},
}