@misc{serverless-images,
author = {Pavlo Brunko},
title = {Serverless Architecture: When To Use This Approach and What Benefits It Gives},
howpublished = {\url{https://apiko.com/blog/serverless-architecture-benefits/}},
month = {March},
year = {2019},
}