@misc{github-flow,
author = {Rowan Haddad},
title = {What Are the Best Git Branching Strategies},
howpublished = {\url{https://faun.dev/c/stories/manuelherrera/git-branching-strategies-in-2022/}},
month = {March},
year = {2022},
}
@misc{gitlab-flow,
author = {Cesar Saavedra},
title = {Combine GitLab Flow and GitLab Duo for a Workflow Powerhouse},
howpublished = {\url{https://about.gitlab.com/blog/2023/07/27/gitlab-flow-duo/}},
day = {27},
month = {July},
year = {2023},
}
@misc{deployment-strategies,
author = {Etienne Tremel},
title = {Six Strategies for Application Deployment},
howpublished = {\url{https://thenewstack.io/deployment-strategies/}},
month = {November},
year = {2017},
}
