@misc{cloudwatch-logs,
    author = {Amazon CloudWatch Logs},
    title = {What is Amazon CloudWatch Logs?},
    howpublished = {\url{https://docs.aws.amazon.com/AmazonCloudWatch/latest/logs/WhatIsCloudWatchLogs.html}},
}