@misc{aws-regions,
title = {AWS Global Infrastructure},
howpublished = {\url{https://aws.amazon.com/about-aws/global-infrastructure/}},
month = {February},
year = {2024},
}